
@article{wagner2014YersiniaPestisPlague,
  title = {{\emph{Yersinia Pestis}} and the {{Plague}} of {{Justinian}} 541\textendash 543 {{AD}}: A Genomic Analysis},
  shorttitle = {Yersinia Pestis and the {{Plague}} of {{Justinian}} 541\textendash 543 {{AD}}},
  author = {Wagner, David M and Klunk, Jennifer and Harbeck, Michaela and Devault, Alison and Waglechner, Nicholas and Sahl, Jason W and Enk, Jacob and Birdsell, Dawn N and Kuch, Melanie and Lumibao, Candice and Poinar, Debi and Pearson, Talima and Fourment, Mathieu and Golding, Brian and Riehm, Julia M and Earn, David J D and DeWitte, Sharon and Rouillard, Jean-Marie and Grupe, Gisela and Wiechmann, Ingrid and Bliska, James B and Keim, Paul S and Scholz, Holger C and Holmes, Edward C and Poinar, Hendrik},
  year = {2014},
  month = apr,
  volume = {14},
  pages = {319--326},
  issn = {14733099},
  doi = {10.1016/S1473-3099(13)70323-2},
  file = {C\:\\Users\\ktmea\\Zotero\\storage\\EPL9CKT4\\Wagner et al. - 2014 - Yersinia pestis and the Plague of Justinian 541â€“54.pdf},
  journal = {The Lancet Infectious Diseases},
  language = {en},
  number = {4}
}


