
@article{andradesvaltuena2017StoneAgePlague,
  title = {The {{Stone Age Plague}} and {{Its Persistence}} in {{Eurasia}}},
  author = {Andrades Valtue{\~n}a, Aida and Mittnik, Alissa and Key, Felix M. and Haak, Wolfgang and Allm{\"a}e, Raili and Belinskij, Andrej and Daubaras, Mantas and Feldman, Michal and Jankauskas, Rimantas and Jankovi{\'c}, Ivor and Massy, Ken and Novak, Mario and Pfrengle, Saskia and Reinhold, Sabine and {\v S}laus, Mario and Spyrou, Maria A. and {Sz{\'e}cs{\'e}nyi-Nagy}, Anna and T{\~o}rv, Mari and Hansen, Svend and Bos, Kirsten I. and Stockhammer, Philipp W. and Herbig, Alexander and Krause, Johannes},
  year = {2017},
  month = dec,
  volume = {27},
  pages = {3683-3691.e8},
  issn = {1879-0445},
  doi = {10.1016/j.cub.2017.10.025},
  file = {C\:\\Users\\ktmea\\Zotero\\storage\\U9PSAIJ5\\Andrades Valtue√±a et al. - 2017 - The Stone Age Plague and Its Persistence in Eurasi.pdf},
  journal = {Current Biology},
  keywords = {ancient DNA,archaeogenetics,Archaeology,Bronze Age,comparative genomics,DNA; Ancient,Europe,Genome; Bacterial,Humans,Late Neolithic,Phylogeny,plague,Plague,Yersinia pestis},
  language = {eng},
  number = {23},
  pmid = {29174893}
}


