@article{murchieInPrepNoBonesIt,
	title = {No Bones about It: {{Pleistocene}} Mitogenomes Reconstructed from the Environmental {{DNA}} of Permafrost},
	author = {Murchie, Tyler and Karpinski, Emil and Eaton, Katherine and Duggan, Ana T. and Baleka, Sina and Zazula, Grant and MacPhee, Ross D. E. and Froese, Duane and Poinar, Hendrik N},
	year = {In Prep} }  

@article{hiderInPrepExaminingPathogenDNA,
	title = {Examining Pathogen {{DNA}} Recovery across the Remains of a 14th Century {{Italian}} Monk ({{St}}. {{Brancorsini}}) Infected with {{Brucella}} Melitensis},
	author = {Hider, Jessica and Duggan, Ana T. and Klunk, Jennifer and Eaton, Katherine and Long, George Sam and Karpinski, Emil and Golding, G. Brian and Prowse, Tracy L. and Poinar, Hendrik N. and Fornaciari, Gino},
	year = {In Prep} }  
