
@article{dewitte2017BlackDeathBodies,
  title = {Black {{Death Bodies}}},
  author = {DeWitte, Sharon N. and Kowaleski, Maryanne},
  year = {2017},
  journal = {Fragments: Interdisciplinary Approaches to the Study of Ancient and Medieval Pasts},
  volume = {6},
  issn = {2161-8585},
  file = {C\:\\Users\\ktmea\\Zotero\\storage\\NERU2H86\\--black-death-bodies.html}
}

@article{wood1992OsteologicalParadoxProblems,
  title = {The {{Osteological Paradox}}: Problems of {{Inferring Prehistoric Health}} from {{Skeletal Samples}}},
  shorttitle = {The {{Osteological Paradox}}},
  author = {Wood, James W. and Milner, George R. and Harpending, Henry C. and Weiss, Kenneth M. and Cohen, Mark N. and Eisenberg, Leslie E. and Hutchinson, Dale L. and Jankauskas, Rimantas and Cesnys, Gintautas and {\v C}esnys, Gintautas and Katzenberg, M. Anne and Lukacs, John R. and McGrath, Janet W. and Roth, Eric Abella and Ubelaker, Douglas H. and Wilkinson, Richard G.},
  year = {1992},
  journal = {Current Anthropology},
  volume = {33},
  number = {4},
  pages = {343--370},
  publisher = {{[University of Chicago Press, Wenner-Gren Foundation for Anthropological Research]}},
  issn = {0011-3204}
}


