
@book{2016EntrezHelp,
  title = {Entrez {{Help}}},
  date = {2016},
  origdate = {2006},
  publisher = {{National Center for Biotechnology Information}},
  location = {{Bethesda, MD}},
  url = {https://www.ncbi.nlm.nih.gov/books/NBK3837/},
  urldate = {2019-10-17}
}

@article{bernstein2017MetaSRANormalizedHuman,
  title = {{{MetaSRA}}: Normalized Human Sample-Specific Metadata for the {{Sequence Read Archive}}},
  shorttitle = {{{MetaSRA}}},
  author = {Bernstein, Matthew N and Doan, AnHai and Dewey, Colin N},
  date = {2017-09-15},
  journaltitle = {Bioinformatics},
  volume = {33},
  number = {18},
  pages = {2914--2923},
  issn = {1367-4803, 1460-2059},
  doi = {10.1093/bioinformatics/btx334},
  url = {https://academic.oup.com/bioinformatics/article/33/18/2914/3848915},
  urldate = {2019-09-05},
  langid = {english},
  file = {C\:\\Users\\ktmea\\Zotero\\storage\\DBX9JFRE\\Bernstein et al. - 2017 - MetaSRA normalized human sample-specific metadata.pdf}
}

@article{chang2016PathogenMetadataPlatform,
  title = {Pathogen Metadata Platform: Software for Accessing and Analyzing Pathogen Strain Information},
  shorttitle = {Pathogen Metadata Platform},
  author = {Chang, Wenling E. and Peterson, Matthew W. and Garay, Christopher D. and Korves, Tonia},
  date = {2016-12},
  journaltitle = {BMC Bioinformatics},
  volume = {17},
  number = {1},
  issn = {1471-2105},
  doi = {10.1186/s12859-016-1231-2},
  url = {http://bmcbioinformatics.biomedcentral.com/articles/10.1186/s12859-016-1231-2},
  urldate = {2019-09-05},
  langid = {english},
  file = {C\:\\Users\\ktmea\\Zotero\\storage\\YLS7GSFH\\Chang et al. - 2016 - Pathogen metadata platform software for accessing.pdf}
}

@article{choudhary2019PysradbPythonPackage,
  title = {Pysradb: A {{Python}} Package to Query next-Generation Sequencing Metadata and Data from {{NCBI Sequence Read Archive}}},
  author = {Choudhary, Saket},
  date = {2019},
  journaltitle = {F1000Research},
  volume = {8},
  pages = {532},
  doi = {10.12688/f1000research.18676.1},
  url = {https://doi.org/10.12688/f1000research.18676.1},
  langid = {english},
  file = {C\:\\Users\\ktmea\\Zotero\\storage\\FGTMXXXS\\Choudhary et al. (2019) pysradb A Python package to query next-generation sequencing metadata and data from NCBI Sequence Read Archive.pdf}
}

@article{cock2009BiopythonFreelyAvailable,
  title = {Biopython: Freely Available {{Python}} Tools for Computational Molecular Biology and Bioinformatics},
  shorttitle = {Biopython},
  author = {Cock, P. J. A. and Antao, T. and Chang, J. T. and Chapman, B. A. and Cox, C. J. and Dalke, A. and Friedberg, I. and Hamelryck, T. and Kauff, F. and Wilczynski, B. and de Hoon, M. J. L.},
  options = {useprefix=true},
  date = {2009-06-01},
  journaltitle = {Bioinformatics},
  volume = {25},
  number = {11},
  pages = {1422--1423},
  issn = {1367-4803, 1460-2059},
  doi = {10.1093/bioinformatics/btp163},
  url = {https://academic.oup.com/bioinformatics/article-lookup/doi/10.1093/bioinformatics/btp163},
  urldate = {2019-10-16},
  langid = {english},
  file = {C\:\\Users\\ktmea\\Zotero\\storage\\6KE3PNET\\Cock et al. - 2009 - Biopython freely available Python tools for compu.pdf}
}

@article{connor2015SpecieswideWholeGenome,
  title = {Species-Wide Whole Genome Sequencing Reveals Historical Global Spread and Recent Local Persistence in {{{\emph{Shigella}}}}{\emph{ Flexneri}}},
  author = {Connor, Thomas R and Barker, Clare R and Baker, Kate S and Weill, François-Xavier and Talukder, Kaisar Ali and Smith, Anthony M and Baker, Stephen and Gouali, Malika and Pham Thanh, Duy and Jahan Azmi, Ishrat and Dias da Silveira, Wanderley and Semmler, Torsten and Wieler, Lothar H and Jenkins, Claire and Cravioto, Alejandro and Faruque, Shah M and Parkhill, Julian and Wook Kim, Dong and Keddy, Karen H and Thomson, Nicholas R},
  date = {2015-08-04},
  journaltitle = {eLife},
  volume = {4},
  issn = {2050-084X},
  doi = {10.7554/eLife.07335},
  url = {https://elifesciences.org/articles/07335},
  urldate = {2019-10-16},
  langid = {english},
  file = {C\:\\Users\\ktmea\\Zotero\\storage\\ABF6CNY9\\Connor et al. - 2015 - Species-wide whole genome sequencing reveals histo.pdf}
}

@article{eppinger2014GenomicEpidemiologyHaitian,
  title = {Genomic Epidemiology of the {{Haitian}} Cholera Outbreak: A Single Introduction Followed by Rapid, Extensive, and Continued Spread Characterized the Onset of the Epidemic},
  shorttitle = {Genomic {{Epidemiology}} of the {{Haitian Cholera Outbreak}}},
  author = {Eppinger, Mark and Pearson, Talima and Koenig, Sara S. K. and Pearson, Ofori and Hicks, Nathan and Agrawal, Sonia and Sanjar, Fatemeh and Galens, Kevin and Daugherty, Sean and Crabtree, Jonathan and Hendriksen, Rene S. and Price, Lance B. and Upadhyay, Bishnu P. and Shakya, Geeta and Fraser, Claire M. and Ravel, Jacques and Keim, Paul S.},
  date = {2014-11-04},
  journaltitle = {mBio},
  volume = {5},
  number = {6},
  issn = {2150-7511},
  doi = {10.1128/mBio.01721-14},
  url = {https://mbio.asm.org/lookup/doi/10.1128/mBio.01721-14},
  urldate = {2019-10-16},
  langid = {english},
  file = {C\:\\Users\\ktmea\\Zotero\\storage\\XGENV9WU\\Eppinger et al. - 2014 - Genomic Epidemiology of the Haitian Cholera Outbre.pdf}
}

@incollection{kans2019EntrezDirectEutilities,
  title = {Entrez {{Direct}}: E-Utilities on the {{UNIX Command Line}}},
  booktitle = {Entrez {{Programming Utilities Help}}},
  author = {Kans, J.},
  date = {2019},
  origdate = {2013},
  publisher = {{National Center for Biotechnology Information}},
  url = {https://www.ncbi.nlm.nih.gov/books/NBK179288/},
  urldate = {2019-10-17}
}

@article{mackenzie2016PostarchivalGenomicsBulk,
  title = {Post-Archival Genomics and the Bulk Logistics of {{DNA}} Sequences},
  author = {Mackenzie, Adrian and McNally, Ruth and Mills, Richard and Sharples, Stuart},
  date = {2016-03},
  journaltitle = {BioSocieties},
  volume = {11},
  number = {1},
  pages = {82--105},
  issn = {1745-8552, 1745-8560},
  doi = {10.1057/biosoc.2015.22},
  url = {http://link.springer.com/10.1057/biosoc.2015.22},
  urldate = {2019-10-16},
  langid = {english},
  file = {C\:\\Users\\ktmea\\Zotero\\storage\\LV2UFTCY\\Mackenzie et al. - 2016 - Post-archival genomics and the bulk logistics of D.pdf}
}

@article{nakazato2013ExperimentalDesignbasedFunctional,
  title = {Experimental Design-Based Functional Mining and Characterization of High-Throughput Sequencing Data in the {{Sequence Read Archive}}},
  author = {Nakazato, Takeru and Ohta, Tazro and Bono, Hidemasa},
  date = {2013-10-22},
  journaltitle = {PLoS ONE},
  volume = {8},
  number = {10},
  pages = {e77910},
  issn = {1932-6203},
  doi = {10.1371/journal.pone.0077910},
  url = {https://dx.plos.org/10.1371/journal.pone.0077910},
  urldate = {2019-10-16},
  langid = {english},
  file = {C\:\\Users\\ktmea\\Zotero\\storage\\AZNJW4Y5\\Nakazato et al. - 2013 - Experimental Design-Based Functional Mining and Ch.pdf}
}

@online{NCBI,
  title = {{{NCBI}}},
  url = {https://www.ncbi.nlm.nih.gov/},
  urldate = {2019-10-16},
  organization = {{National Centre for Biotechnology Information}}
}

@article{stewart2014DraftGenomes12,
  title = {Draft Genomes of 12 Host-Adapted and Environmental Isolates of {{{\emph{Pseudomonas}}}}{\emph{ Aeruginosa}} and Their Positions in the Core Genome Phylogeny},
  author = {Stewart, Lewis and Ford, Amy and Sangal, Vartul and Jeukens, Julie and Boyle, Brian and Kukavica-Ibrulj, Iréna and Caim, Shabhonam and Crossman, Lisa and Hoskisson, Paul A. and Levesque, Roger and Tucker, Nicholas P.},
  date = {2014-06},
  journaltitle = {Pathogens and Disease},
  volume = {71},
  number = {1},
  pages = {20--25},
  issn = {2049632X},
  doi = {10.1111/2049-632X.12107},
  url = {https://academic.oup.com/femspd/article-lookup/doi/10.1111/2049-632X.12107},
  urldate = {2019-10-16},
  langid = {english},
  file = {C\:\\Users\\ktmea\\Zotero\\storage\\9TIZRNQD\\Stewart et al. - 2014 - Draft genomes of 12 host-adapted and environmental.pdf}
}

@software{wickham2016Ggplot2ElegantGraphics,
  title = {Ggplot2: Elegant {{Graphics}} for {{Data Analysis}}},
  author = {Wickham, H},
  date = {2016},
  location = {{New York}},
  url = {http://ggplot2.org},
  isbn = {987-3-319-24277-4},
  organization = {{Springer-Verlag}}
}

@article{zankari2012IdentificationAcquiredAntimicrobial,
  title = {Identification of Acquired Antimicrobial Resistance Genes},
  author = {Zankari, E. and Hasman, H. and Cosentino, S. and Vestergaard, M. and Rasmussen, S. and Lund, O. and Aarestrup, F. M. and Larsen, M. V.},
  date = {2012-11-01},
  journaltitle = {Journal of Antimicrobial Chemotherapy},
  volume = {67},
  number = {11},
  pages = {2640--2644},
  issn = {0305-7453, 1460-2091},
  doi = {10.1093/jac/dks261},
  url = {https://academic.oup.com/jac/article-lookup/doi/10.1093/jac/dks261},
  urldate = {2019-10-16},
  langid = {english},
  file = {C\:\\Users\\ktmea\\Zotero\\storage\\8CJ9ZU2X\\Zankari et al. - 2012 - Identification of acquired antimicrobial resistanc.pdf}
}

@article{zhu2013SRAdbQueryUse,
  title = {{{SRAdb}}: Query and Use Public next-Generation Sequencing Data from within {{R}}},
  shorttitle = {{{SRAdb}}},
  author = {Zhu, Yuelin and Stephens, Robert M and Meltzer, Paul S and Davis, Sean R},
  date = {2013},
  journaltitle = {BMC Bioinformatics},
  volume = {14},
  number = {1},
  pages = {19},
  issn = {1471-2105},
  doi = {10.1186/1471-2105-14-19},
  url = {http://bmcbioinformatics.biomedcentral.com/articles/10.1186/1471-2105-14-19},
  urldate = {2019-09-05},
  langid = {english},
  file = {C\:\\Users\\ktmea\\Zotero\\storage\\CNLP6XNE\\Zhu et al. - 2013 - SRAdb query and use public next-generation sequen.pdf}
}


