
@book{butcher2016go,
  title = {Go in {Practice}},
  author = {Butcher, Matt and Farina, Matt},
  date = {2016},
  publisher = {{Manning Publications Co}},
  location = {{Shelter Island, NY}},
  annotation = {OCLC: ocn913335043},
  isbn = {978-1-63343-007-5},
  keywords = {Go (Computer program language)},
  langid = {english},
  pagetotal = {287}
}

@book{mcnamara2021rust,
  title = {Rust in {Action}},
  author = {McNamara, Tim},
  date = {2021},
  publisher = {{Manning Publications}}
}